<record><leader>00000cas a22000007a 4500</leader><controlfield tag="001">42414186</controlfield><controlfield tag="008">990922c19999999vauwr ne      0    0eng d</controlfield><datafield ind1=" " ind2=" " tag="010"><subfield code="a">sn 99066897 </subfield></datafield><datafield ind1=" " ind2=" " tag="040"><subfield code="a">NVK</subfield><subfield code="b">eng</subfield><subfield code="c">NVK</subfield><subfield code="d">OCLCF</subfield><subfield code="d">OCLCO</subfield></datafield><datafield ind1=" " ind2=" " tag="042"><subfield code="a">msc</subfield></datafield><datafield ind1=" " ind2=" " tag="043"><subfield code="a">n-us-va</subfield></datafield><datafield ind1="0" ind2="0" tag="245"><subfield code="a">Eastern Shore post.</subfield></datafield><datafield ind1=" " ind2=" " tag="260"><subfield code="a">Tasley, Va. :</subfield><subfield code="b">Candy Farlow,</subfield><subfield code="c">1999-</subfield></datafield><datafield ind1=" " ind2=" " tag="300"><subfield code="a">v.</subfield></datafield><datafield ind1=" " ind2=" " tag="310"><subfield code="a">Weekly</subfield></datafield><datafield ind1="0" ind2=" " tag="362"><subfield code="a">June 2, 1999-</subfield></datafield><datafield ind1=" " ind2=" " tag="500"><subfield code="a">"The Shore's only locally owned newspaper."</subfield></datafield><datafield ind1=" " ind2=" " tag="500"><subfield code="a">Free circulation paper.</subfield></datafield><datafield ind1=" " ind2=" " tag="515"><subfield code="a">Issues not numbered.</subfield></datafield><datafield ind1=" " ind2="0" tag="651"><subfield code="a">Tasley (Va.)</subfield><subfield code="v">Newspapers.</subfield></datafield><datafield ind1=" " ind2="7" tag="655"><subfield code="a">Newspapers.</subfield><subfield code="2">fast</subfield><subfield code="0">(OCoLC)fst01423814</subfield></datafield><datafield ind1=" " ind2="7" tag="651"><subfield code="a">Virginia</subfield><subfield code="z">Tasley.</subfield><subfield code="2">fast</subfield><subfield code="0">(OCoLC)fst01250430</subfield></datafield><datafield ind1=" " ind2=" " tag="752"><subfield code="a">United States</subfield><subfield code="b">Virginia</subfield><subfield code="c">Accomac</subfield><subfield code="d">Tasley.</subfield></datafield></record>